{"channel":"book","type":"snapshot","data":[{"symbol":"ADA/AUD","bids":[{"price":0.67572,"qty":1810.44627501},{"price":0.67571,"qty":3683.15464511},{"price":0.67502,"qty":6309.20141646},{"price":0.67501,"qty":237.52044233},{"price":0.67499,"qty":2552.07000000},{"price":0.67459,"qty":30.01386909},{"price":0.67431,"qty":2515.04000000},{"price":0.67392,"qty":4008.72000000},{"price":0.67379,"qty":4731.58000000},{"price":0.67335,"qty":2400.00000000}],"asks":[{"price":0.67663,"qty":15346.73357024},{"price":0.67676,"qty":2400.00000000},{"price":0.67677,"qty":1810.44627501},{"price":0.67729,"qty":25.48097461},{"price":0.67779,"qty":2031.37207183},{"price":0.67780,"qty":5107.87000000},{"price":0.67799,"qty":5061.82000000},{"price":0.67825,"qty":2132.11000000},{"price":0.67878,"qty":2055.36000000},{"price":0.69445,"qty":137.66090581}],"checksum":3734529541}]}
{"channel":"book","type":"update","data":[{"symbol":"ADA/AUD","bids":[],"asks":[{"price":0.67663,"qty":0.00000000},{"price":0.69693,"qty":25769.48058893}],"checksum":3471402983,"timestamp":"2024-06-01T18:06:02.971766Z"}]}
{"channel":"book","type":"update","data":[{"symbol":"ADA/AUD","bids":[{"price":0.67571,"qty":0.00000000},{"price":0.67066,"qty":149.10684996}],"asks":[],"checksum":2246896208,"timestamp":"2024-06-01T18:06:02.971797Z"}]}
{"channel":"book","type":"update","data":[{"symbol":"ADA/AUD","bids":[{"price":0.67571,"qty":3683.15464511}],"asks":[],"checksum":3471402983,"timestamp":"2024-06-01T18:06:02.975844Z"}]}
{"channel":"book","type":"update","data":[{"symbol":"ADA/AUD","bids":[],"asks":[{"price":0.67678,"qty":30016.53357024}],"checksum":3434216929,"timestamp":"2024-06-01T18:06:02.975891Z"}]}
{"channel":"book","type":"update","data":[{"symbol":"ADA/AUD","bids":[],"asks":[{"price":0.67729,"qty":0.00000000},{"price":0.69693,"qty":25769.48058893}],"checksum":261109992,"timestamp":"2024-06-01T18:06:08.301571Z"}]}
{"channel":"book","type":"update","data":[{"symbol":"ADA/AUD","bids":[],"asks":[{"price":0.67734,"qty":25.47986178}],"checksum":1478462426,"timestamp":"2024-06-01T18:06:08.375454Z"}]}
{"channel":"book","type":"update","data":[{"symbol":"ADA/AUD","bids":[{"price":0.67459,"qty":0.00000000},{"price":0.67066,"qty":149.10684996}],"asks":[],"checksum":113334896,"timestamp":"2024-06-01T18:06:12.288786Z"}]}
{"channel":"book","type":"update","data":[{"symbol":"ADA/AUD","bids":[{"price":0.67444,"qty":30.01202992}],"asks":[],"checksum":1837030652,"timestamp":"2024-06-01T18:06:12.363501Z"}]}
{"channel":"book","type":"update","data":[{"symbol":"ADA/AUD","bids":[{"price":0.67571,"qty":0.00000000},{"price":0.67066,"qty":149.10684996}],"asks":[],"checksum":538611912,"timestamp":"2024-06-01T18:06:18.026683Z"}]}
{"channel":"book","type":"update","data":[{"symbol":"ADA/AUD","bids":[],"asks":[{"price":0.67678,"qty":0.00000000},{"price":0.69707,"qty":25769.48058893}],"checksum":3121318989,"timestamp":"2024-06-01T18:06:18.026720Z"}]}
{"channel":"book","type":"update","data":[{"symbol":"ADA/AUD","bids":[{"price":0.67571,"qty":3683.15464511}],"asks":[],"checksum":4030118479,"timestamp":"2024-06-01T18:06:18.031419Z"}]}
{"channel":"book","type":"update","data":[{"symbol":"ADA/AUD","bids":[],"asks":[{"price":0.67663,"qty":2408.20857024}],"checksum":1447807688,"timestamp":"2024-06-01T18:06:18.031454Z"}]}
{"channel":"book","type":"update","data":[{"symbol":"ADA/AUD","bids":[],"asks":[{"price":0.69444,"qty":1507.07267444}],"checksum":3758514346,"timestamp":"2024-06-01T18:06:18.125774Z"}]}
