{"channel":"book","type":"snapshot","data":[{"symbol":"DOT/BTC","bids":[{"price":0.00010467,"qty":282.83001459},{"price":0.00010466,"qty":211.66492180},{"price":0.00010465,"qty":200.00000000},{"price":0.00010462,"qty":211.74923520},{"price":0.00010461,"qty":33.59571380},{"price":0.00010457,"qty":335.66256601},{"price":0.00010456,"qty":341.88712307},{"price":0.00010453,"qty":108.01399406},{"price":0.00010452,"qty":258.81000000},{"price":0.00010447,"qty":2.73420939}],"asks":[{"price":0.00010476,"qty":47.34242556},{"price":0.00010477,"qty":200.00000000},{"price":0.00010478,"qty":31.73288326},{"price":0.00010479,"qty":300.82572839},{"price":0.00010480,"qty":211.38927764},{"price":0.00010482,"qty":40.00000000},{"price":0.00010486,"qty":211.26875024},{"price":0.00010493,"qty":212.61310344},{"price":0.00010497,"qty":444.95765357},{"price":0.00010498,"qty":94.64917822}],"checksum":2165738106}]}
{"channel":"book","type":"update","data":[{"symbol":"DOT/BTC","bids":[],"asks":[{"price":0.00010472,"qty":2115.99078975}],"checksum":2349868230,"timestamp":"2024-06-01T18:06:44.601486Z"}]}
{"channel":"book","type":"update","data":[{"symbol":"DOT/BTC","bids":[],"asks":[{"price":0.00010477,"qty":0.00000000},{"price":0.00010498,"qty":94.64917822}],"checksum":839400330,"timestamp":"2024-06-01T18:06:48.929646Z"}]}
{"channel":"book","type":"update","data":[{"symbol":"DOT/BTC","bids":[],"asks":[{"price":0.00010472,"qty":0.00000000},{"price":0.00010500,"qty":1661.28000000}],"checksum":302847131,"timestamp":"2024-06-01T18:06:49.329641Z"}]}
{"channel":"book","type":"update","data":[{"symbol":"DOT/BTC","bids":[],"asks":[{"price":0.00010477,"qty":200.00000000}],"checksum":2165738106,"timestamp":"2024-06-01T18:06:49.334090Z"}]}
{"channel":"book","type":"update","data":[{"symbol":"DOT/BTC","bids":[],"asks":[{"price":0.00010493,"qty":211.15775642}],"checksum":805483600,"timestamp":"2024-06-01T18:06:50.173963Z"}]}
{"channel":"book","type":"update","data":[{"symbol":"DOT/BTC","bids":[],"asks":[{"price":0.00010475,"qty":2115.93412921}],"checksum":3555982048,"timestamp":"2024-06-01T18:06:50.449818Z"}]}
{"channel":"book","type":"update","data":[{"symbol":"DOT/BTC","bids":[],"asks":[{"price":0.00010475,"qty":2147.67506065}],"checksum":3943929079,"timestamp":"2024-06-01T18:06:50.452681Z"}]}
{"channel":"book","type":"update","data":[{"symbol":"DOT/BTC","bids":[],"asks":[{"price":0.00010475,"qty":31.74093144}],"checksum":2669359496,"timestamp":"2024-06-01T18:06:52.355559Z"}]}
{"channel":"book","type":"update","data":[{"symbol":"DOT/BTC","bids":[],"asks":[{"price":0.00010472,"qty":2116.02061231}],"checksum":3549204105,"timestamp":"2024-06-01T18:07:01.749628Z"}]}
{"channel":"book","type":"update","data":[{"symbol":"DOT/BTC","bids":[],"asks":[{"price":0.00010474,"qty":2116.02061231}],"checksum":3759095766,"timestamp":"2024-06-01T18:07:03.496046Z"}]}
{"channel":"book","type":"update","data":[{"symbol":"DOT/BTC","bids":[{"price":0.00010467,"qty":314.56495213}],"asks":[],"checksum":4266592159,"timestamp":"2024-06-01T18:07:06.679339Z"}]}
{"channel":"book","type":"update","data":[{"symbol":"DOT/BTC","bids":[],"asks":[{"price":0.00010475,"qty":0.00000000},{"price":0.00010493,"qty":211.15775642}],"checksum":3476155029,"timestamp":"2024-06-01T18:07:06.691269Z"}]}
{"channel":"book","type":"update","data":[{"symbol":"DOT/BTC","bids":[],"asks":[{"price":0.00010480,"qty":0.00000000},{"price":0.00010496,"qty":5.57303404}],"checksum":3160737028,"timestamp":"2024-06-01T18:07:06.696646Z"}]}
{"channel":"book","type":"update","data":[{"symbol":"DOT/BTC","bids":[],"asks":[{"price":0.00010472,"qty":0.00000000},{"price":0.00010497,"qty":444.95765357}],"checksum":865576992,"timestamp":"2024-06-01T18:07:06.697643Z"}]}
{"channel":"book","type":"update","data":[{"symbol":"DOT/BTC","bids":[],"asks":[{"price":0.00010482,"qty":251.38458518}],"checksum":4207849166,"timestamp":"2024-06-01T18:07:06.700580Z"}]}
{"channel":"book","type":"update","data":[{"symbol":"DOT/BTC","bids":[],"asks":[{"price":0.00010479,"qty":267.23001459}],"checksum":3731332790,"timestamp":"2024-06-01T18:07:06.806046Z"}]}
{"channel":"book","type":"update","data":[{"symbol":"DOT/BTC","bids":[],"asks":[{"price":0.00010476,"qty":15.60000000}],"checksum":2895126044,"timestamp":"2024-06-01T18:07:06.829701Z"}]}
{"channel":"book","type":"update","data":[{"symbol":"DOT/BTC","bids":[{"price":0.00010447,"qty":0.00000000},{"price":0.00010445,"qty":123.53000000}],"asks":[],"checksum":1298601710,"timestamp":"2024-06-01T18:07:06.869244Z"}]}
