{"channel":"book","type":"snapshot","data":[{"symbol":"DOT/JPY","bids":[{"price":1114.5,"qty":80.91000000},{"price":1113.8,"qty":204.98450482},{"price":1113.5,"qty":111.73712617},{"price":1113.4,"qty":148.48000000},{"price":1109.8,"qty":409.33000000},{"price":1109.0,"qty":298.05000000},{"price":1102.3,"qty":198.51000000},{"price":1101.8,"qty":198.51000000},{"price":1086.0,"qty":102.34000000},{"price":1085.2,"qty":1.57015296}],"asks":[{"price":1118.2,"qty":21.12404932},{"price":1118.8,"qty":155.13765357},{"price":1118.9,"qty":59.01111075},{"price":1119.4,"qty":80.91000000},{"price":1122.2,"qty":148.48000000},{"price":1122.3,"qty":409.33000000},{"price":1125.4,"qty":4.03945008},{"price":1125.5,"qty":298.05000000},{"price":1127.0,"qty":198.51000000},{"price":1144.6,"qty":300.85000000}],"checksum":3176771975}]}
{"channel":"book","type":"update","data":[{"symbol":"DOT/JPY","bids":[],"asks":[{"price":1125.4,"qty":0.00000000},{"price":1145.5,"qty":1.52765047}],"checksum":1945482594,"timestamp":"2024-06-01T18:07:14.902811Z"}]}
{"channel":"book","type":"update","data":[{"symbol":"DOT/JPY","bids":[{"price":1102.3,"qty":0.00000000},{"price":1085.0,"qty":49.69000000}],"asks":[],"checksum":278197813,"timestamp":"2024-06-01T18:07:18.003657Z"}]}
{"channel":"book","type":"update","data":[{"symbol":"DOT/JPY","bids":[{"price":1086.0,"qty":0.00000000},{"price":1084.8,"qty":2.78913438}],"asks":[],"checksum":931573737,"timestamp":"2024-06-01T18:07:18.003763Z"}]}
{"channel":"book","type":"update","data":[{"symbol":"DOT/JPY","bids":[{"price":1109.8,"qty":0.00000000},{"price":1072.8,"qty":1.58830164}],"asks":[],"checksum":1527230849,"timestamp":"2024-06-01T18:07:18.003886Z"}]}
{"channel":"book","type":"update","data":[{"symbol":"DOT/JPY","bids":[{"price":1102.4,"qty":198.51000000}],"asks":[],"checksum":695589290,"timestamp":"2024-06-01T18:07:18.006425Z"}]}
{"channel":"book","type":"update","data":[{"symbol":"DOT/JPY","bids":[{"price":1109.9,"qty":409.33000000}],"asks":[],"checksum":3066000182,"timestamp":"2024-06-01T18:07:18.006624Z"}]}
{"channel":"book","type":"update","data":[{"symbol":"DOT/JPY","bids":[{"price":1086.1,"qty":102.34000000}],"asks":[],"checksum":1489701938,"timestamp":"2024-06-01T18:07:18.006787Z"}]}
