{"channel":"book","type":"snapshot","data":[{"symbol":"EUR/AUD","bids":[{"price":1.62958,"qty":2613.45695821},{"price":1.62957,"qty":286.00902453},{"price":1.62721,"qty":5001.00000000},{"price":1.62705,"qty":500.00000000},{"price":1.62590,"qty":505.78102006},{"price":1.61938,"qty":1517.34306020},{"price":1.60600,"qty":0.63000000},{"price":1.59113,"qty":2023.12408027},{"price":1.58952,"qty":156.47019678},{"price":1.57509,"qty":3034.68612041}],"asks":[{"price":1.63279,"qty":225.72210000},{"price":1.63280,"qty":285.81207427},{"price":1.63467,"qty":1601.00000000},{"price":1.63483,"qty":902.00000000},{"price":1.63499,"qty":1203.00000000},{"price":1.63529,"qty":1000.00000000},{"price":1.63569,"qty":2603.54347309},{"price":1.64221,"qty":7802.22227845},{"price":1.66131,"qty":9655.89515307},{"price":1.67292,"qty":398.29052540}],"checksum":2917318116}]}
{"channel":"book","type":"update","data":[{"symbol":"EUR/AUD","bids":[{"price":1.59113,"qty":0.00000000},{"price":1.56481,"qty":860.60998165}],"asks":[],"checksum":4058287769,"timestamp":"2024-06-01T18:06:15.342896Z"}]}
{"channel":"book","type":"update","data":[{"symbol":"EUR/AUD","bids":[],"asks":[{"price":1.66131,"qty":0.00000000},{"price":1.67300,"qty":1000.00000000}],"checksum":2633718962,"timestamp":"2024-06-01T18:06:15.342950Z"}]}
{"channel":"book","type":"update","data":[{"symbol":"EUR/AUD","bids":[{"price":1.59114,"qty":2023.12408027}],"asks":[],"checksum":2972114274,"timestamp":"2024-06-01T18:06:15.383130Z"}]}
{"channel":"book","type":"update","data":[{"symbol":"EUR/AUD","bids":[],"asks":[{"price":1.66130,"qty":9655.89473397}],"checksum":4149003653,"timestamp":"2024-06-01T18:06:15.383264Z"}]}
{"channel":"book","type":"update","data":[{"symbol":"EUR/AUD","bids":[{"price":1.57509,"qty":0.00000000},{"price":1.56481,"qty":860.60998165}],"asks":[],"checksum":2019290296,"timestamp":"2024-06-01T18:06:28.540763Z"}]}
{"channel":"book","type":"update","data":[{"symbol":"EUR/AUD","bids":[{"price":1.59114,"qty":0.00000000},{"price":1.56476,"qty":1011.56204013}],"asks":[],"checksum":4191905256,"timestamp":"2024-06-01T18:06:28.540870Z"}]}
{"channel":"book","type":"update","data":[{"symbol":"EUR/AUD","bids":[],"asks":[{"price":1.66130,"qty":0.00000000},{"price":1.67300,"qty":1000.00000000}],"checksum":4202560327,"timestamp":"2024-06-01T18:06:28.540998Z"}]}
{"channel":"book","type":"update","data":[{"symbol":"EUR/AUD","bids":[{"price":1.59115,"qty":2023.12408027}],"asks":[],"checksum":310671730,"timestamp":"2024-06-01T18:06:28.581165Z"}]}
{"channel":"book","type":"update","data":[{"symbol":"EUR/AUD","bids":[],"asks":[{"price":1.66129,"qty":9655.89475148}],"checksum":3655381016,"timestamp":"2024-06-01T18:06:28.581184Z"}]}
{"channel":"book","type":"update","data":[{"symbol":"EUR/AUD","bids":[{"price":1.57510,"qty":3034.68612041}],"asks":[],"checksum":1000421039,"timestamp":"2024-06-01T18:06:28.581645Z"}]}
