{"channel":"book","type":"snapshot","data":[{"symbol":"EUR/JPY","bids":[{"price":170.430,"qty":1017.51156265},{"price":165.619,"qty":751.23804360},{"price":165.618,"qty":13819.51503017},{"price":165.616,"qty":13723.62288184},{"price":165.615,"qty":13723.62288184},{"price":165.423,"qty":13723.62288184},{"price":164.756,"qty":0.50000000},{"price":164.130,"qty":36603.39581429},{"price":162.010,"qty":13723.62288184},{"price":161.000,"qty":37315.00000000}],"asks":[{"price":170.799,"qty":1784.02052812},{"price":170.999,"qty":225.72210000},{"price":171.000,"qty":100.00000000},{"price":171.200,"qty":100.00000000},{"price":171.400,"qty":100.00000000},{"price":171.600,"qty":100.00000000},{"price":172.008,"qty":100.00000000},{"price":175.547,"qty":319.91725843},{"price":175.549,"qty":686.63003674},{"price":175.550,"qty":14538.66419617}],"checksum":446907794}]}
{"channel":"book","type":"update","data":[{"symbol":"EUR/JPY","bids":[],"asks":[{"price":175.547,"qty":0.00000000},{"price":175.555,"qty":1591.47030428}],"checksum":3457124576,"timestamp":"2024-06-01T18:06:17.496928Z"}]}
{"channel":"book","type":"update","data":[{"symbol":"EUR/JPY","bids":[],"asks":[{"price":175.546,"qty":319.91718865}],"checksum":4252524918,"timestamp":"2024-06-01T18:06:17.537150Z"}]}
{"channel":"book","type":"update","data":[{"symbol":"EUR/JPY","bids":[{"price":165.616,"qty":0.00000000},{"price":160.110,"qty":1.00000000}],"asks":[],"checksum":2346660999,"timestamp":"2024-06-01T18:06:18.148387Z"}]}
{"channel":"book","type":"update","data":[{"symbol":"EUR/JPY","bids":[{"price":165.620,"qty":13723.62288184}],"asks":[],"checksum":2793284063,"timestamp":"2024-06-01T18:06:18.188591Z"}]}
{"channel":"book","type":"update","data":[{"symbol":"EUR/JPY","bids":[{"price":165.621,"qty":751.22899003}],"asks":[],"checksum":4023607776,"timestamp":"2024-06-01T18:06:18.219399Z"}]}
{"channel":"book","type":"update","data":[{"symbol":"EUR/JPY","bids":[{"price":165.619,"qty":0.00000000},{"price":161.000,"qty":37315.00000000}],"asks":[],"checksum":2355538002,"timestamp":"2024-06-01T18:06:18.219450Z"}]}
{"channel":"book","type":"update","data":[{"symbol":"EUR/JPY","bids":[{"price":165.618,"qty":0.00000000},{"price":160.110,"qty":1.00000000},{"price":170.431,"qty":13429.24960991}],"asks":[],"checksum":1167954914,"timestamp":"2024-06-01T18:06:18.276576Z"}]}
{"channel":"book","type":"update","data":[{"symbol":"EUR/JPY","bids":[{"price":170.431,"qty":0.00000000},{"price":160.110,"qty":1.00000000},{"price":165.622,"qty":13819.18126980}],"asks":[],"checksum":2105431718,"timestamp":"2024-06-01T18:06:26.324180Z"}]}
{"channel":"book","type":"update","data":[{"symbol":"EUR/JPY","bids":[{"price":165.621,"qty":0.00000000},{"price":160.110,"qty":1.00000000}],"asks":[],"checksum":1909653350,"timestamp":"2024-06-01T18:06:26.334120Z"}]}
{"channel":"book","type":"update","data":[{"symbol":"EUR/JPY","bids":[{"price":165.623,"qty":751.21990530}],"asks":[],"checksum":526275730,"timestamp":"2024-06-01T18:06:26.334514Z"}]}
