{"channel":"book","type":"snapshot","data":[{"symbol":"USD/JPY","bids":[{"price":157.175,"qty":178.72942010},{"price":156.891,"qty":793.03016813},{"price":156.879,"qty":17653.72197441},{"price":156.878,"qty":200.00000000},{"price":154.581,"qty":9304.40778693},{"price":154.012,"qty":550.00000000},{"price":150.375,"qty":4652.20389346},{"price":150.200,"qty":1288.01597869},{"price":150.000,"qty":10.50000000},{"price":149.398,"qty":18608.81557386}],"asks":[{"price":157.552,"qty":1935.48387096},{"price":157.836,"qty":684.22180000},{"price":157.837,"qty":37001.00000000},{"price":157.852,"qty":21002.00000000},{"price":158.350,"qty":511.00000000},{"price":159.560,"qty":500.00000000},{"price":160.000,"qty":600.00000000},{"price":160.555,"qty":1000.00000000},{"price":161.547,"qty":2192.44546738},{"price":161.555,"qty":1000.00000000}],"checksum":1542441866}]}
{"channel":"book","type":"update","data":[{"symbol":"USD/JPY","bids":[],"asks":[{"price":161.547,"qty":2557.85304528}],"checksum":1138532047,"timestamp":"2024-06-01T18:06:47.951334Z"}]}
{"channel":"book","type":"update","data":[{"symbol":"USD/JPY","bids":[],"asks":[{"price":161.547,"qty":2192.44546738}],"checksum":1542441866,"timestamp":"2024-06-01T18:06:47.952388Z"}]}
{"channel":"book","type":"update","data":[{"symbol":"USD/JPY","bids":[],"asks":[{"price":161.547,"qty":1096.22273369}],"checksum":1343165568,"timestamp":"2024-06-01T18:06:47.952532Z"}]}
{"channel":"book","type":"update","data":[{"symbol":"USD/JPY","bids":[],"asks":[{"price":161.547,"qty":2192.44546738}],"checksum":1542441866,"timestamp":"2024-06-01T18:06:47.952541Z"}]}
{"channel":"book","type":"update","data":[{"symbol":"USD/JPY","bids":[{"price":150.375,"qty":0.00000000},{"price":146.252,"qty":32565.42725426}],"asks":[],"checksum":2926111146,"timestamp":"2024-06-01T18:06:52.242961Z"}]}
{"channel":"book","type":"update","data":[{"symbol":"USD/JPY","bids":[{"price":150.376,"qty":4652.20389346}],"asks":[],"checksum":2178235563,"timestamp":"2024-06-01T18:06:52.283271Z"}]}
{"channel":"book","type":"update","data":[{"symbol":"USD/JPY","bids":[{"price":154.581,"qty":0.00000000},{"price":146.252,"qty":32565.42725426}],"asks":[],"checksum":1896613966,"timestamp":"2024-06-01T18:06:54.859929Z"}]}
{"channel":"book","type":"update","data":[{"symbol":"USD/JPY","bids":[{"price":154.582,"qty":9304.40778693}],"asks":[],"checksum":3388582571,"timestamp":"2024-06-01T18:06:54.899981Z"}]}
{"channel":"book","type":"update","data":[{"symbol":"USD/JPY","bids":[{"price":156.879,"qty":0.00000000},{"price":146.252,"qty":32565.42725426},{"price":154.013,"qty":17982.23688665}],"asks":[],"checksum":986523072,"timestamp":"2024-06-01T18:06:54.916389Z"}]}
{"channel":"book","type":"update","data":[{"symbol":"USD/JPY","bids":[{"price":154.013,"qty":0.00000000},{"price":146.252,"qty":32565.42725426},{"price":156.879,"qty":17653.72197441}],"asks":[],"checksum":3388582571,"timestamp":"2024-06-01T18:06:54.993370Z"}]}
{"channel":"book","type":"update","data":[{"symbol":"USD/JPY","bids":[],"asks":[{"price":161.547,"qty":2557.85304528}],"checksum":3519741934,"timestamp":"2024-06-01T18:06:58.181809Z"}]}
{"channel":"book","type":"update","data":[{"symbol":"USD/JPY","bids":[],"asks":[{"price":161.547,"qty":2192.44546738}],"checksum":3388582571,"timestamp":"2024-06-01T18:06:58.182913Z"}]}
{"channel":"book","type":"update","data":[{"symbol":"USD/JPY","bids":[],"asks":[{"price":161.547,"qty":1461.63031159}],"checksum":3350295017,"timestamp":"2024-06-01T18:06:58.183577Z"}]}
{"channel":"book","type":"update","data":[{"symbol":"USD/JPY","bids":[],"asks":[{"price":161.547,"qty":2192.44546738}],"checksum":3388582571,"timestamp":"2024-06-01T18:06:58.184303Z"}]}
