{"channel":"book","type":"snapshot","data":[{"symbol":"USDC/EUR","bids":[{"price":0.9223,"qty":295104.27433863},{"price":0.9222,"qty":151431.57683791},{"price":0.9221,"qty":51034.78482083},{"price":0.9220,"qty":73870.93684636},{"price":0.9219,"qty":185613.28145156},{"price":0.9218,"qty":154446.88930302},{"price":0.9217,"qty":3564.51923688},{"price":0.9216,"qty":12328.42000000},{"price":0.9215,"qty":29169.76776529},{"price":0.9214,"qty":55280.51186200}],"asks":[{"price":0.9224,"qty":70756.36478821},{"price":0.9225,"qty":349569.36203676},{"price":0.9226,"qty":89349.57238510},{"price":0.9227,"qty":49964.59353878},{"price":0.9228,"qty":81842.67267394},{"price":0.9229,"qty":107051.25291808},{"price":0.9230,"qty":113977.20973065},{"price":0.9231,"qty":138517.27509449},{"price":0.9232,"qty":203295.40000000},{"price":0.9233,"qty":305991.65207783}],"checksum":1274825796}]}
{"channel":"book","type":"update","data":[{"symbol":"USDC/EUR","bids":[],"asks":[{"price":0.9224,"qty":4370.00000000}],"checksum":2303685207,"timestamp":"2024-06-01T18:06:26.356416Z"}]}
{"channel":"book","type":"update","data":[{"symbol":"USDC/EUR","bids":[],"asks":[{"price":0.9224,"qty":62951.94835409}],"checksum":1956607253,"timestamp":"2024-06-01T18:06:26.356922Z"}]}
{"channel":"book","type":"update","data":[{"symbol":"USDC/EUR","bids":[],"asks":[{"price":0.9224,"qty":4370.00000000}],"checksum":2303685207,"timestamp":"2024-06-01T18:06:29.925682Z"}]}
{"channel":"book","type":"update","data":[{"symbol":"USDC/EUR","bids":[],"asks":[{"price":0.9224,"qty":53196.42805569}],"checksum":1910541101,"timestamp":"2024-06-01T18:06:29.927635Z"}]}
{"channel":"book","type":"update","data":[{"symbol":"USDC/EUR","bids":[],"asks":[{"price":0.9224,"qty":4370.00000000}],"checksum":2303685207,"timestamp":"2024-06-01T18:06:33.698840Z"}]}
{"channel":"book","type":"update","data":[{"symbol":"USDC/EUR","bids":[],"asks":[{"price":0.9224,"qty":51245.32394829}],"checksum":3163472264,"timestamp":"2024-06-01T18:06:33.700129Z"}]}
{"channel":"book","type":"update","data":[{"symbol":"USDC/EUR","bids":[],"asks":[{"price":0.9224,"qty":4370.00000000}],"checksum":2303685207,"timestamp":"2024-06-01T18:06:37.320710Z"}]}
{"channel":"book","type":"update","data":[{"symbol":"USDC/EUR","bids":[],"asks":[{"price":0.9224,"qty":53196.42794104}],"checksum":369528917,"timestamp":"2024-06-01T18:06:37.322065Z"}]}
{"channel":"book","type":"update","data":[{"symbol":"USDC/EUR","bids":[],"asks":[{"price":0.9226,"qty":60063.57238510}],"checksum":662638523,"timestamp":"2024-06-01T18:06:37.380636Z"}]}
{"channel":"book","type":"update","data":[{"symbol":"USDC/EUR","bids":[],"asks":[{"price":0.9225,"qty":378855.36203676}],"checksum":3276771105,"timestamp":"2024-06-01T18:06:37.383288Z"}]}
{"channel":"book","type":"update","data":[{"symbol":"USDC/EUR","bids":[{"price":0.9223,"qty":295093.51426017},{"price":0.9220,"qty":73881.71954659}],"asks":[],"checksum":4004252622,"timestamp":"2024-06-01T18:06:37.885796Z"}]}
{"channel":"book","type":"update","data":[{"symbol":"USDC/EUR","bids":[{"price":0.9220,"qty":73870.93684636},{"price":0.9223,"qty":295104.29345307}],"asks":[],"checksum":975270837,"timestamp":"2024-06-01T18:06:37.907899Z"}]}
{"channel":"book","type":"update","data":[{"symbol":"USDC/EUR","bids":[{"price":0.9223,"qty":295093.51426017},{"price":0.9220,"qty":73881.71968560}],"asks":[],"checksum":2708495559,"timestamp":"2024-06-01T18:06:41.739924Z"}]}
{"channel":"book","type":"update","data":[{"symbol":"USDC/EUR","bids":[],"asks":[{"price":0.9225,"qty":349569.36203676}],"checksum":1161878621,"timestamp":"2024-06-01T18:06:43.264854Z"}]}
{"channel":"book","type":"update","data":[{"symbol":"USDC/EUR","bids":[],"asks":[{"price":0.9226,"qty":89349.57238510}],"checksum":1949909939,"timestamp":"2024-06-01T18:06:43.267807Z"}]}
