{"channel":"book","type":"snapshot","data":[{"symbol":"XRP/CAD","bids":[{"price":0.70790,"qty":1760.40841475},{"price":0.70789,"qty":50.50707294},{"price":0.70782,"qty":13338.27488904},{"price":0.70759,"qty":4305.18699995},{"price":0.70730,"qty":457.35280850},{"price":0.70699,"qty":2381.10000000},{"price":0.70628,"qty":9147.11151895},{"price":0.70627,"qty":4386.30000000},{"price":0.70626,"qty":6781.81000000},{"price":0.70611,"qty":2795.34000000}],"asks":[{"price":0.70854,"qty":1760.40841475},{"price":0.70855,"qty":113.75177718},{"price":0.70856,"qty":26465.12824622},{"price":0.70868,"qty":2381.10000000},{"price":0.70949,"qty":583.41282844},{"price":0.70950,"qty":4386.30000000},{"price":0.70952,"qty":2984.10000000},{"price":0.71005,"qty":15445.80000000},{"price":0.71006,"qty":3287.11000000},{"price":0.71010,"qty":6579.31000000}],"checksum":2370980625}]}
{"channel":"book","type":"update","data":[{"symbol":"XRP/CAD","bids":[],"asks":[{"price":0.70853,"qty":113.75177718}],"checksum":4110871248,"timestamp":"2024-06-01T18:07:05.023556Z"}]}
{"channel":"book","type":"update","data":[{"symbol":"XRP/CAD","bids":[],"asks":[{"price":0.70855,"qty":0.00000000},{"price":0.71010,"qty":6579.31000000}],"checksum":2879391532,"timestamp":"2024-06-01T18:07:05.199720Z"}]}
{"channel":"book","type":"update","data":[{"symbol":"XRP/CAD","bids":[{"price":0.70759,"qty":0.00000000},{"price":0.70605,"qty":15445.80000000}],"asks":[],"checksum":2965672024,"timestamp":"2024-06-01T18:07:20.236122Z"}]}
{"channel":"book","type":"update","data":[{"symbol":"XRP/CAD","bids":[],"asks":[{"price":0.70856,"qty":0.00000000},{"price":0.71052,"qty":6811.70000000}],"checksum":3539039965,"timestamp":"2024-06-01T18:07:20.236193Z"}]}
{"channel":"book","type":"update","data":[{"symbol":"XRP/CAD","bids":[],"asks":[{"price":0.70856,"qty":26465.12824622}],"checksum":2965672024,"timestamp":"2024-06-01T18:07:20.241241Z"}]}
{"channel":"book","type":"update","data":[{"symbol":"XRP/CAD","bids":[{"price":0.70759,"qty":4296.19615181}],"asks":[],"checksum":3253342777,"timestamp":"2024-06-01T18:07:20.241292Z"}]}
{"channel":"book","type":"update","data":[{"symbol":"XRP/CAD","bids":[{"price":0.70791,"qty":50.50707294}],"asks":[],"checksum":2121230319,"timestamp":"2024-06-01T18:07:20.406263Z"}]}
{"channel":"book","type":"update","data":[{"symbol":"XRP/CAD","bids":[{"price":0.70792,"qty":1760.40841475}],"asks":[],"checksum":2365604957,"timestamp":"2024-06-01T18:07:20.411352Z"}]}
{"channel":"book","type":"update","data":[{"symbol":"XRP/CAD","bids":[{"price":0.70789,"qty":0.00000000},{"price":0.70626,"qty":6781.81000000}],"asks":[],"checksum":1408497264,"timestamp":"2024-06-01T18:07:20.571586Z"}]}
{"channel":"book","type":"update","data":[{"symbol":"XRP/CAD","bids":[{"price":0.70790,"qty":0.00000000},{"price":0.70611,"qty":2795.34000000}],"asks":[],"checksum":2663339616,"timestamp":"2024-06-01T18:07:20.576348Z"}]}
