{"channel":"book","type":"snapshot","data":[{"symbol":"XRP/ETH","bids":[{"price":0.0001365,"qty":1928.41396521},{"price":0.0001364,"qty":1832.22070068},{"price":0.0001363,"qty":8939.58124002},{"price":0.0001362,"qty":5138.33790015},{"price":0.0001361,"qty":15230.88697598},{"price":0.0001360,"qty":3694.26443530},{"price":0.0001357,"qty":8421.28430000},{"price":0.0001356,"qty":28.96451848},{"price":0.0001355,"qty":3777.06293650},{"price":0.0001354,"qty":5513.20857079}],"asks":[{"price":0.0001366,"qty":2891.55235517},{"price":0.0001367,"qty":8622.35534412},{"price":0.0001368,"qty":5093.01091395},{"price":0.0001369,"qty":1451.45191409},{"price":0.0001370,"qty":13708.69110000},{"price":0.0001371,"qty":8421.28430000},{"price":0.0001375,"qty":5487.37150000},{"price":0.0001376,"qty":25.83707079},{"price":0.0001377,"qty":2668.39040000},{"price":0.0001378,"qty":38.16601481}],"checksum":4188664189}]}
{"channel":"book","type":"update","data":[{"symbol":"XRP/ETH","bids":[{"price":0.0001365,"qty":964.16758358}],"asks":[],"checksum":171203053,"timestamp":"2024-06-01T18:07:03.390846Z"}]}
{"channel":"book","type":"update","data":[{"symbol":"XRP/ETH","bids":[{"price":0.0001364,"qty":2796.63346016}],"asks":[],"checksum":2877556343,"timestamp":"2024-06-01T18:07:03.396659Z"}]}
{"channel":"book","type":"update","data":[{"symbol":"XRP/ETH","bids":[{"price":0.0001365,"qty":0.00000000},{"price":0.0001353,"qty":126.86178518}],"asks":[],"checksum":3953902482,"timestamp":"2024-06-01T18:07:03.543934Z"}]}
{"channel":"book","type":"update","data":[{"symbol":"XRP/ETH","bids":[{"price":0.0001356,"qty":238.85260364}],"asks":[],"checksum":479982572,"timestamp":"2024-06-01T18:07:03.546482Z"}]}
{"channel":"book","type":"update","data":[{"symbol":"XRP/ETH","bids":[{"price":0.0001365,"qty":964.19716598}],"asks":[],"checksum":1503239021,"timestamp":"2024-06-01T18:07:03.819359Z"}]}
{"channel":"book","type":"update","data":[{"symbol":"XRP/ETH","bids":[{"price":0.0001356,"qty":28.96451848},{"price":0.0001357,"qty":8631.01771450}],"asks":[],"checksum":266375627,"timestamp":"2024-06-01T18:07:05.937833Z"}]}
{"channel":"book","type":"update","data":[{"symbol":"XRP/ETH","bids":[{"price":0.0001365,"qty":0.00000000},{"price":0.0001353,"qty":126.86178518}],"asks":[],"checksum":2507908626,"timestamp":"2024-06-01T18:07:06.559818Z"}]}
{"channel":"book","type":"update","data":[{"symbol":"XRP/ETH","bids":[{"price":0.0001364,"qty":3761.00662237}],"asks":[],"checksum":4103113710,"timestamp":"2024-06-01T18:07:06.565766Z"}]}
{"channel":"book","type":"update","data":[{"symbol":"XRP/ETH","bids":[{"price":0.0001364,"qty":2796.59386289}],"asks":[],"checksum":1005327688,"timestamp":"2024-06-01T18:07:06.569818Z"}]}
{"channel":"book","type":"update","data":[{"symbol":"XRP/ETH","bids":[{"price":0.0001357,"qty":8421.28430000},{"price":0.0001356,"qty":238.85260364}],"asks":[],"checksum":2542525621,"timestamp":"2024-06-01T18:07:06.573463Z"}]}
{"channel":"book","type":"update","data":[{"symbol":"XRP/ETH","bids":[{"price":0.0001365,"qty":964.14612774}],"asks":[],"checksum":3983678893,"timestamp":"2024-06-01T18:07:06.581155Z"}]}
{"channel":"book","type":"update","data":[{"symbol":"XRP/ETH","bids":[{"price":0.0001365,"qty":0.00000000},{"price":0.0001353,"qty":126.86178518}],"asks":[],"checksum":2542525621,"timestamp":"2024-06-01T18:07:07.572166Z"}]}
{"channel":"book","type":"update","data":[{"symbol":"XRP/ETH","bids":[{"price":0.0001364,"qty":3760.91240279}],"asks":[],"checksum":541656742,"timestamp":"2024-06-01T18:07:08.066725Z"}]}
{"channel":"book","type":"update","data":[{"symbol":"XRP/ETH","bids":[{"price":0.0001364,"qty":2796.53924058}],"asks":[],"checksum":3464250866,"timestamp":"2024-06-01T18:07:11.204009Z"}]}
{"channel":"book","type":"update","data":[{"symbol":"XRP/ETH","bids":[{"price":0.0001365,"qty":964.21511345}],"asks":[],"checksum":4104622008,"timestamp":"2024-06-01T18:07:11.209693Z"}]}
{"channel":"book","type":"update","data":[{"symbol":"XRP/ETH","bids":[{"price":0.0001356,"qty":28.96451848},{"price":0.0001357,"qty":8631.01771450}],"asks":[],"checksum":1450967713,"timestamp":"2024-06-01T18:07:11.213663Z"}]}
{"channel":"book","type":"update","data":[{"symbol":"XRP/ETH","bids":[{"price":0.0001365,"qty":1831.73127015}],"asks":[],"checksum":1580591021,"timestamp":"2024-06-01T18:07:11.222551Z"}]}
{"channel":"book","type":"update","data":[{"symbol":"XRP/ETH","bids":[{"price":0.0001362,"qty":4271.28854992}],"asks":[],"checksum":3041452537,"timestamp":"2024-06-01T18:07:11.224206Z"}]}
{"channel":"book","type":"update","data":[{"symbol":"XRP/ETH","bids":[{"price":0.0001365,"qty":964.21511345}],"asks":[],"checksum":3170960629,"timestamp":"2024-06-01T18:07:11.291782Z"}]}
