{"channel":"book","type":"snapshot","data":[{"symbol":"ADA/ETH","bids":[{"price":0.0001183,"qty":6633.80724615},{"price":0.0001182,"qty":26574.10739338},{"price":0.0001181,"qty":20219.92566963},{"price":0.0001180,"qty":35785.45035444},{"price":0.0001179,"qty":20.01530185},{"price":0.0001178,"qty":18458.40000000},{"price":0.0001177,"qty":112837.37560204},{"price":0.0001175,"qty":4255.31914893},{"price":0.0001174,"qty":11775.00000000},{"price":0.0001172,"qty":101.00000000}],"asks":[{"price":0.0001184,"qty":6634.87850096},{"price":0.0001185,"qty":23442.80796601},{"price":0.0001186,"qty":10333.94965209},{"price":0.0001187,"qty":11001.61857953},{"price":0.0001188,"qty":30511.80000000},{"price":0.0001189,"qty":46886.74197737},{"price":0.0001190,"qty":18555.37262617},{"price":0.0001193,"qty":11775.00000000},{"price":0.0001196,"qty":6086.40000000},{"price":0.0001198,"qty":184701.10319791}],"checksum":3649915786}]}
{"channel":"book","type":"update","data":[{"symbol":"ADA/ETH","bids":[{"price":0.0001183,"qty":3316.13824551}],"asks":[],"checksum":1947645890,"timestamp":"2024-06-01T22:43:04.578723Z"}]}
{"channel":"book","type":"update","data":[{"symbol":"ADA/ETH","bids":[{"price":0.0001182,"qty":29894.37014673}],"asks":[],"checksum":3556461133,"timestamp":"2024-06-01T22:43:04.583535Z"}]}
{"channel":"book","type":"update","data":[{"symbol":"ADA/ETH","bids":[],"asks":[{"price":0.0001185,"qty":20126.65573533}],"checksum":2945890987,"timestamp":"2024-06-01T22:43:04.783627Z"}]}
{"channel":"book","type":"update","data":[{"symbol":"ADA/ETH","bids":[],"asks":[{"price":0.0001184,"qty":9952.31775144}],"checksum":1444111252,"timestamp":"2024-06-01T22:43:04.787564Z"}]}
{"channel":"book","type":"update","data":[{"symbol":"ADA/ETH","bids":[{"price":0.0001182,"qty":21055.80445457}],"asks":[],"checksum":3216206668,"timestamp":"2024-06-01T22:43:07.389671Z"}]}
{"channel":"book","type":"update","data":[{"symbol":"ADA/ETH","bids":[],"asks":[{"price":0.0001187,"qty":2055.01857953}],"checksum":847962359,"timestamp":"2024-06-01T22:43:07.465236Z"}]}
{"channel":"book","type":"update","data":[{"symbol":"ADA/ETH","bids":[],"asks":[{"price":0.0001186,"qty":19280.54965209}],"checksum":599523737,"timestamp":"2024-06-01T22:43:07.467874Z"}]}
{"channel":"book","type":"update","data":[{"symbol":"ADA/ETH","bids":[{"price":0.0001181,"qty":29062.46171501}],"asks":[],"checksum":1151642882,"timestamp":"2024-06-01T22:43:07.698680Z"}]}
{"channel":"book","type":"update","data":[{"symbol":"ADA/ETH","bids":[{"price":0.0001183,"qty":0.00000000},{"price":0.0001170,"qty":154857.09110152}],"asks":[],"checksum":3759631858,"timestamp":"2024-06-01T22:43:13.526447Z"}]}
{"channel":"book","type":"update","data":[{"symbol":"ADA/ETH","bids":[{"price":0.0001177,"qty":112595.27073332},{"price":0.0001176,"qty":242.31074021}],"asks":[],"checksum":4016924260,"timestamp":"2024-06-01T22:43:13.528797Z"}]}
{"channel":"book","type":"update","data":[{"symbol":"ADA/ETH","bids":[{"price":0.0001182,"qty":24376.13634349}],"asks":[],"checksum":3714092456,"timestamp":"2024-06-01T22:43:13.530901Z"}]}
{"channel":"book","type":"update","data":[{"symbol":"ADA/ETH","bids":[],"asks":[{"price":0.0001185,"qty":16812.38070327}],"checksum":2285374549,"timestamp":"2024-06-01T22:43:15.319293Z"}]}
{"channel":"book","type":"update","data":[{"symbol":"ADA/ETH","bids":[],"asks":[{"price":0.0001184,"qty":13270.09354571}],"checksum":2408564057,"timestamp":"2024-06-01T22:43:15.323734Z"}]}
{"channel":"book","type":"update","data":[{"symbol":"ADA/ETH","bids":[],"asks":[{"price":0.0001185,"qty":7974.10974831}],"checksum":4092636332,"timestamp":"2024-06-01T22:43:15.570559Z"}]}
{"channel":"book","type":"update","data":[{"symbol":"ADA/ETH","bids":[],"asks":[{"price":0.0001184,"qty":22112.60900706}],"checksum":767439104,"timestamp":"2024-06-01T22:43:15.867900Z"}]}
{"channel":"book","type":"update","data":[{"symbol":"ADA/ETH","bids":[],"asks":[{"price":0.0001188,"qty":0.00000000},{"price":0.0001199,"qty":2228.23521719}],"checksum":3437095829,"timestamp":"2024-06-01T22:43:16.587643Z"}]}
{"channel":"book","type":"update","data":[{"symbol":"ADA/ETH","bids":[],"asks":[{"price":0.0001186,"qty":49792.34965209}],"checksum":1682328411,"timestamp":"2024-06-01T22:43:16.590527Z"}]}
{"channel":"book","type":"update","data":[{"symbol":"ADA/ETH","bids":[],"asks":[{"price":0.0001184,"qty":13270.09354571}],"checksum":2437227190,"timestamp":"2024-06-01T22:43:18.272883Z"}]}
{"channel":"book","type":"update","data":[{"symbol":"ADA/ETH","bids":[],"asks":[{"price":0.0001185,"qty":16816.20229211}],"checksum":3932547942,"timestamp":"2024-06-01T22:43:18.546548Z"}]}
{"channel":"book","type":"update","data":[{"symbol":"ADA/ETH","bids":[],"asks":[{"price":0.0001184,"qty":9952.31775144}],"checksum":812187234,"timestamp":"2024-06-01T22:43:19.161701Z"}]}
{"channel":"book","type":"update","data":[{"symbol":"ADA/ETH","bids":[],"asks":[{"price":0.0001185,"qty":20130.65353676}],"checksum":2244234453,"timestamp":"2024-06-01T22:43:19.167883Z"}]}
{"channel":"book","type":"update","data":[{"symbol":"ADA/ETH","bids":[],"asks":[{"price":0.0001185,"qty":16816.20229211}],"checksum":812187234,"timestamp":"2024-06-01T22:43:20.863478Z"}]}
{"channel":"book","type":"update","data":[{"symbol":"ADA/ETH","bids":[{"price":0.0001182,"qty":21055.80445457}],"asks":[],"checksum":40179118,"timestamp":"2024-06-01T22:43:20.863556Z"}]}
{"channel":"book","type":"update","data":[{"symbol":"ADA/ETH","bids":[],"asks":[{"price":0.0001184,"qty":13269.79445399}],"checksum":2554996892,"timestamp":"2024-06-01T22:43:20.869545Z"}]}
{"channel":"book","type":"update","data":[{"symbol":"ADA/ETH","bids":[{"price":0.0001181,"qty":32385.46898443}],"asks":[],"checksum":2467107827,"timestamp":"2024-06-01T22:43:20.869570Z"}]}
