{"channel":"book","type":"snapshot","data":[{"symbol":"ALGO/GBP","bids":[{"price":0.14795,"qty":1325.63061220},{"price":0.14789,"qty":2787.60295347},{"price":0.14787,"qty":1856.88162024},{"price":0.14780,"qty":3101.67210391},{"price":0.14779,"qty":2783.29153393},{"price":0.14778,"qty":5526.32414750},{"price":0.14777,"qty":3344.09000000},{"price":0.14772,"qty":1464.57000000},{"price":0.14766,"qty":948.57655455},{"price":0.14765,"qty":2973.23000000}],"asks":[{"price":0.14813,"qty":1324.08587526},{"price":0.14817,"qty":4932.18249075},{"price":0.14819,"qty":482.35545980},{"price":0.14820,"qty":2000.00000000},{"price":0.14821,"qty":1852.71449553},{"price":0.14822,"qty":9235.70647321},{"price":0.14838,"qty":2970.25282432},{"price":0.14839,"qty":948.57655455},{"price":0.14850,"qty":1881.20490981},{"price":0.14851,"qty":973.41000000}],"checksum":2475974619}]}
{"channel":"book","type":"update","data":[{"symbol":"ALGO/GBP","bids":[{"price":0.14789,"qty":0.00000000},{"price":0.14739,"qty":1881.20490981}],"asks":[],"checksum":2949374780,"timestamp":"2024-06-01T22:43:59.537561Z"}]}
{"channel":"book","type":"update","data":[{"symbol":"ALGO/GBP","bids":[],"asks":[{"price":0.14822,"qty":5529.69030556}],"checksum":3737505371,"timestamp":"2024-06-01T22:43:59.537617Z"}]}
{"channel":"book","type":"update","data":[{"symbol":"ALGO/GBP","bids":[{"price":0.14789,"qty":2611.08912308}],"asks":[],"checksum":1897765880,"timestamp":"2024-06-01T22:43:59.542118Z"}]}
{"channel":"book","type":"update","data":[{"symbol":"ALGO/GBP","bids":[],"asks":[{"price":0.14822,"qty":9235.70647321}],"checksum":1291935,"timestamp":"2024-06-01T22:43:59.542188Z"}]}
{"channel":"book","type":"update","data":[{"symbol":"ALGO/GBP","bids":[{"price":0.14789,"qty":0.00000000},{"price":0.14739,"qty":1881.20490981}],"asks":[],"checksum":2949374780,"timestamp":"2024-06-01T22:44:14.607065Z"}]}
{"channel":"book","type":"update","data":[{"symbol":"ALGO/GBP","bids":[],"asks":[{"price":0.14822,"qty":5529.69030556}],"checksum":3737505371,"timestamp":"2024-06-01T22:44:14.607110Z"}]}
{"channel":"book","type":"update","data":[{"symbol":"ALGO/GBP","bids":[{"price":0.14789,"qty":2611.08912308}],"asks":[],"checksum":1897765880,"timestamp":"2024-06-01T22:44:14.612744Z"}]}
{"channel":"book","type":"update","data":[{"symbol":"ALGO/GBP","bids":[],"asks":[{"price":0.14822,"qty":9235.70647321}],"checksum":1291935,"timestamp":"2024-06-01T22:44:14.612766Z"}]}
