{"channel":"book","type":"snapshot","data":[{"symbol":"BTC/JPY","bids":[{"price":10635491,"qty":0.03156099},{"price":10632382,"qty":0.00066946},{"price":10632380,"qty":0.00032270},{"price":10623521,"qty":0.57000778},{"price":10623520,"qty":0.26132317},{"price":10616332,"qty":0.48668914},{"price":10616170,"qty":1.20934059},{"price":10603417,"qty":0.48668914},{"price":10603416,"qty":2.41704407},{"price":10600715,"qty":1.31226123}],"asks":[{"price":10674951,"qty":0.03536369},{"price":10681068,"qty":0.00372278},{"price":10681069,"qty":0.00039788},{"price":10688323,"qty":0.01096671},{"price":10688324,"qty":0.24240181},{"price":10688325,"qty":0.26132317},{"price":10691000,"qty":0.00010000},{"price":10694342,"qty":0.48668914},{"price":10696753,"qty":0.48668914},{"price":10709568,"qty":0.00014358}],"checksum":2633677754}]}
{"channel":"book","type":"update","data":[{"symbol":"BTC/JPY","bids":[{"price":10603417,"qty":0.00000000},{"price":10600714,"qty":0.00012292}],"asks":[],"checksum":4130673154,"timestamp":"2024-06-01T22:42:08.189002Z"}]}
{"channel":"book","type":"update","data":[{"symbol":"BTC/JPY","bids":[{"price":10603418,"qty":0.48668914}],"asks":[],"checksum":3355230209,"timestamp":"2024-06-01T22:42:08.192129Z"}]}
{"channel":"book","type":"update","data":[{"symbol":"BTC/JPY","bids":[],"asks":[{"price":10681068,"qty":0.00000000},{"price":10710288,"qty":2.42120282}],"checksum":514860602,"timestamp":"2024-06-01T22:42:11.071384Z"}]}
{"channel":"book","type":"update","data":[{"symbol":"BTC/JPY","bids":[{"price":10603418,"qty":0.00000000},{"price":10600714,"qty":0.00012292}],"asks":[],"checksum":344498048,"timestamp":"2024-06-01T22:42:14.073625Z"}]}
{"channel":"book","type":"update","data":[{"symbol":"BTC/JPY","bids":[{"price":10603417,"qty":0.48668914}],"asks":[],"checksum":1169579393,"timestamp":"2024-06-01T22:42:14.076366Z"}]}
{"channel":"book","type":"update","data":[{"symbol":"BTC/JPY","bids":[{"price":10616170,"qty":0.00000000},{"price":10600714,"qty":0.00012292}],"asks":[],"checksum":2301010968,"timestamp":"2024-06-01T22:42:14.708681Z"}]}
{"channel":"book","type":"update","data":[{"symbol":"BTC/JPY","bids":[],"asks":[{"price":10681068,"qty":0.00372284}],"checksum":1659604009,"timestamp":"2024-06-01T22:42:14.740680Z"}]}
{"channel":"book","type":"update","data":[{"symbol":"BTC/JPY","bids":[{"price":10613915,"qty":1.21059174}],"asks":[],"checksum":3128020440,"timestamp":"2024-06-01T22:42:14.748953Z"}]}
{"channel":"book","type":"update","data":[{"symbol":"BTC/JPY","bids":[],"asks":[{"price":10681068,"qty":0.00000000},{"price":10710288,"qty":2.42120282}],"checksum":2369050551,"timestamp":"2024-06-01T22:42:20.290512Z"}]}
{"channel":"book","type":"update","data":[{"symbol":"BTC/JPY","bids":[],"asks":[{"price":10710288,"qty":0.00000000},{"price":10712120,"qty":1.31226123}],"checksum":577787361,"timestamp":"2024-06-01T22:42:20.865195Z"}]}
{"channel":"book","type":"update","data":[{"symbol":"BTC/JPY","bids":[],"asks":[{"price":10709530,"qty":2.42158810}],"checksum":1078556874,"timestamp":"2024-06-01T22:42:20.905423Z"}]}
{"channel":"book","type":"update","data":[{"symbol":"BTC/JPY","bids":[{"price":10603417,"qty":0.00000000},{"price":10600714,"qty":0.00012292}],"asks":[],"checksum":564262671,"timestamp":"2024-06-01T22:42:25.842286Z"}]}
{"channel":"book","type":"update","data":[{"symbol":"BTC/JPY","bids":[{"price":10603418,"qty":0.48668914}],"asks":[],"checksum":458163057,"timestamp":"2024-06-01T22:42:25.844923Z"}]}
