{"channel":"book","type":"snapshot","data":[{"symbol":"DOT/BTC","bids":[{"price":0.00010459,"qty":47.35477020},{"price":0.00010458,"qty":2148.72030851},{"price":0.00010457,"qty":2149.11425082},{"price":0.00010456,"qty":211.81690716},{"price":0.00010455,"qty":200.00000000},{"price":0.00010454,"qty":558.00501799},{"price":0.00010449,"qty":341.85964829},{"price":0.00010447,"qty":6.52153321},{"price":0.00010446,"qty":493.78544619},{"price":0.00010442,"qty":637.53708828}],"asks":[{"price":0.00010467,"qty":240.00000000},{"price":0.00010468,"qty":498.54385113},{"price":0.00010469,"qty":271.01032602},{"price":0.00010475,"qty":211.44045706},{"price":0.00010477,"qty":211.39759153},{"price":0.00010488,"qty":230.90989927},{"price":0.00010489,"qty":14.18532358},{"price":0.00010490,"qty":1802.59000000},{"price":0.00010491,"qty":1.45231118},{"price":0.00010493,"qty":279.72000000}],"checksum":970156291}]}
{"channel":"book","type":"update","data":[{"symbol":"DOT/BTC","bids":[{"price":0.00010442,"qty":0.00000000},{"price":0.00010441,"qty":126.06000000},{"price":0.00010442,"qty":624.28445707}],"asks":[],"checksum":3488962438,"timestamp":"2024-06-01T22:42:25.881753Z"}]}
{"channel":"book","type":"update","data":[{"symbol":"DOT/BTC","bids":[{"price":0.00010454,"qty":530.29451360}],"asks":[],"checksum":1552912204,"timestamp":"2024-06-01T22:42:30.945215Z"}]}
{"channel":"book","type":"update","data":[{"symbol":"DOT/BTC","bids":[],"asks":[{"price":0.00010469,"qty":243.29982163}],"checksum":1049557529,"timestamp":"2024-06-01T22:42:30.945273Z"}]}
{"channel":"book","type":"update","data":[{"symbol":"DOT/BTC","bids":[{"price":0.00010454,"qty":558.00501799}],"asks":[],"checksum":2918458067,"timestamp":"2024-06-01T22:42:31.052626Z"}]}
{"channel":"book","type":"update","data":[{"symbol":"DOT/BTC","bids":[],"asks":[{"price":0.00010469,"qty":271.01032602}],"checksum":3488962438,"timestamp":"2024-06-01T22:42:31.094757Z"}]}
{"channel":"book","type":"update","data":[{"symbol":"DOT/BTC","bids":[],"asks":[{"price":0.00010490,"qty":0.00000000},{"price":0.00010500,"qty":89.46000000}],"checksum":125779974,"timestamp":"2024-06-01T22:42:34.911492Z"}]}
{"channel":"book","type":"update","data":[{"symbol":"DOT/BTC","bids":[],"asks":[{"price":0.00010490,"qty":1811.71000000}],"checksum":3223957700,"timestamp":"2024-06-01T22:42:34.980232Z"}]}
{"channel":"book","type":"update","data":[{"symbol":"DOT/BTC","bids":[],"asks":[{"price":0.00010490,"qty":0.00000000},{"price":0.00010500,"qty":89.46000000}],"checksum":125779974,"timestamp":"2024-06-01T22:42:36.302678Z"}]}
{"channel":"book","type":"update","data":[{"symbol":"DOT/BTC","bids":[],"asks":[{"price":0.00010490,"qty":1812.62000000}],"checksum":2554927852,"timestamp":"2024-06-01T22:42:37.483561Z"}]}
{"channel":"book","type":"update","data":[{"symbol":"DOT/BTC","bids":[],"asks":[{"price":0.00010491,"qty":0.00000000},{"price":0.00010500,"qty":89.46000000}],"checksum":3479452591,"timestamp":"2024-06-01T22:42:38.251265Z"}]}
{"channel":"book","type":"update","data":[{"symbol":"DOT/BTC","bids":[],"asks":[{"price":0.00010489,"qty":15.63741176}],"checksum":2907513371,"timestamp":"2024-06-01T22:42:38.336158Z"}]}
{"channel":"book","type":"update","data":[{"symbol":"DOT/BTC","bids":[{"price":0.00010447,"qty":0.00000000},{"price":0.00010441,"qty":126.06000000}],"asks":[],"checksum":4291290204,"timestamp":"2024-06-01T22:42:39.190766Z"}]}
{"channel":"book","type":"update","data":[{"symbol":"DOT/BTC","bids":[{"price":0.00010447,"qty":8.37086882}],"asks":[],"checksum":3644394468,"timestamp":"2024-06-01T22:42:39.192471Z"}]}
{"channel":"book","type":"update","data":[{"symbol":"DOT/BTC","bids":[{"price":0.00010447,"qty":0.00000000},{"price":0.00010441,"qty":126.06000000}],"asks":[],"checksum":4291290204,"timestamp":"2024-06-01T22:42:41.903346Z"}]}
{"channel":"book","type":"update","data":[{"symbol":"DOT/BTC","bids":[{"price":0.00010447,"qty":4.67219759}],"asks":[],"checksum":2584263608,"timestamp":"2024-06-01T22:42:41.907944Z"}]}
{"channel":"book","type":"update","data":[{"symbol":"DOT/BTC","bids":[{"price":0.00010447,"qty":0.00000000},{"price":0.00010441,"qty":126.06000000}],"asks":[],"checksum":4291290204,"timestamp":"2024-06-01T22:42:44.640649Z"}]}
{"channel":"book","type":"update","data":[{"symbol":"DOT/BTC","bids":[{"price":0.00010447,"qty":6.52153321}],"asks":[],"checksum":2907513371,"timestamp":"2024-06-01T22:42:44.642809Z"}]}
{"channel":"book","type":"update","data":[{"symbol":"DOT/BTC","bids":[{"price":0.00010447,"qty":0.00000000},{"price":0.00010441,"qty":126.06000000}],"asks":[],"checksum":4291290204,"timestamp":"2024-06-01T22:42:47.286871Z"}]}
{"channel":"book","type":"update","data":[{"symbol":"DOT/BTC","bids":[{"price":0.00010447,"qty":10.08646721}],"asks":[],"checksum":1187499097,"timestamp":"2024-06-01T22:42:47.291372Z"}]}
{"channel":"book","type":"update","data":[{"symbol":"DOT/BTC","bids":[{"price":0.00010447,"qty":0.00000000},{"price":0.00010441,"qty":126.06000000}],"asks":[],"checksum":4291290204,"timestamp":"2024-06-01T22:42:50.127453Z"}]}
{"channel":"book","type":"update","data":[{"symbol":"DOT/BTC","bids":[{"price":0.00010447,"qty":8.37086882}],"asks":[],"checksum":3644394468,"timestamp":"2024-06-01T22:42:50.129344Z"}]}
{"channel":"book","type":"update","data":[{"symbol":"DOT/BTC","bids":[],"asks":[{"price":0.00010467,"qty":271.75644760}],"checksum":2279821889,"timestamp":"2024-06-01T22:42:51.693009Z"}]}
{"channel":"book","type":"update","data":[{"symbol":"DOT/BTC","bids":[],"asks":[{"price":0.00010490,"qty":0.00000000},{"price":0.00010510,"qty":194.39000000}],"checksum":1256599990,"timestamp":"2024-06-01T22:42:53.819012Z"}]}
{"channel":"book","type":"update","data":[{"symbol":"DOT/BTC","bids":[],"asks":[{"price":0.00010490,"qty":1543.97000000}],"checksum":4212206150,"timestamp":"2024-06-01T22:42:53.891343Z"}]}
{"channel":"book","type":"update","data":[{"symbol":"DOT/BTC","bids":[{"price":0.00010447,"qty":0.00000000},{"price":0.00010441,"qty":126.06000000}],"asks":[],"checksum":798951489,"timestamp":"2024-06-01T22:43:03.851994Z"}]}
{"channel":"book","type":"update","data":[{"symbol":"DOT/BTC","bids":[{"price":0.00010447,"qty":6.52153321}],"asks":[],"checksum":2405761977,"timestamp":"2024-06-01T22:43:03.854433Z"}]}
{"channel":"book","type":"update","data":[{"symbol":"DOT/BTC","bids":[{"price":0.00010447,"qty":0.00000000},{"price":0.00010441,"qty":126.06000000}],"asks":[],"checksum":798951489,"timestamp":"2024-06-01T22:43:06.619404Z"}]}
{"channel":"book","type":"update","data":[{"symbol":"DOT/BTC","bids":[{"price":0.00010447,"qty":8.37086882}],"asks":[],"checksum":4212206150,"timestamp":"2024-06-01T22:43:06.621152Z"}]}
{"channel":"book","type":"update","data":[{"symbol":"DOT/BTC","bids":[{"price":0.00010459,"qty":2164.58842104}],"asks":[],"checksum":418293722,"timestamp":"2024-06-01T22:43:07.294994Z"}]}
{"channel":"book","type":"update","data":[{"symbol":"DOT/BTC","bids":[{"price":0.00010457,"qty":31.75219990}],"asks":[],"checksum":3866743547,"timestamp":"2024-06-01T22:43:07.298519Z"}]}
{"channel":"book","type":"update","data":[{"symbol":"DOT/BTC","bids":[],"asks":[{"price":0.00010467,"qty":71.75644760}],"checksum":1710073972,"timestamp":"2024-06-01T22:43:11.279129Z"}]}
