{"channel":"book","type":"snapshot","data":[{"symbol":"EUR/JPY","bids":[{"price":170.500,"qty":41.76762463},{"price":166.457,"qty":746.46749611},{"price":166.456,"qty":14499.01101572},{"price":166.454,"qty":13721.13016841},{"price":166.451,"qty":13721.13016841},{"price":165.425,"qty":13721.13016841},{"price":164.130,"qty":36603.39581429},{"price":162.012,"qty":13721.13016841},{"price":161.000,"qty":37315.00000000},{"price":160.110,"qty":1.00000000}],"asks":[{"price":170.951,"qty":1784.02052812},{"price":170.999,"qty":175.24140000},{"price":171.000,"qty":100.00000000},{"price":171.200,"qty":100.00000000},{"price":171.400,"qty":100.00000000},{"price":171.600,"qty":100.00000000},{"price":172.008,"qty":100.00000000},{"price":174.762,"qty":317.04791184},{"price":174.772,"qty":681.80431400},{"price":174.773,"qty":14538.66419617}],"checksum":3993783452}]}
{"channel":"book","type":"update","data":[{"symbol":"EUR/JPY","bids":[],"asks":[{"price":174.762,"qty":0.00000000},{"price":174.774,"qty":1312.25480548}],"checksum":2488083073,"timestamp":"2024-06-01T22:43:53.186086Z"}]}
{"channel":"book","type":"update","data":[{"symbol":"EUR/JPY","bids":[],"asks":[{"price":174.761,"qty":317.04792242}],"checksum":1314045682,"timestamp":"2024-06-01T22:43:53.226369Z"}]}
{"channel":"book","type":"update","data":[{"symbol":"EUR/JPY","bids":[{"price":166.454,"qty":0.00000000},{"price":158.420,"qty":220.00000000}],"asks":[],"checksum":4262523480,"timestamp":"2024-06-01T22:43:53.768295Z"}]}
{"channel":"book","type":"update","data":[{"symbol":"EUR/JPY","bids":[{"price":166.458,"qty":13721.13016841}],"asks":[],"checksum":2501587693,"timestamp":"2024-06-01T22:43:53.808561Z"}]}
{"channel":"book","type":"update","data":[{"symbol":"EUR/JPY","bids":[{"price":166.457,"qty":0.00000000},{"price":158.420,"qty":220.00000000}],"asks":[],"checksum":889653695,"timestamp":"2024-06-01T22:43:53.824012Z"}]}
{"channel":"book","type":"update","data":[{"symbol":"EUR/JPY","bids":[{"price":166.459,"qty":746.45852732}],"asks":[],"checksum":3624484309,"timestamp":"2024-06-01T22:43:53.824119Z"}]}
{"channel":"book","type":"update","data":[{"symbol":"EUR/JPY","bids":[{"price":166.456,"qty":0.00000000},{"price":158.420,"qty":220.00000000},{"price":166.459,"qty":15245.20823525}],"asks":[],"checksum":288275112,"timestamp":"2024-06-01T22:43:53.854524Z"}]}
{"channel":"book","type":"update","data":[{"symbol":"EUR/JPY","bids":[{"price":166.459,"qty":746.45852732},{"price":166.460,"qty":14498.66260743}],"asks":[],"checksum":27595855,"timestamp":"2024-06-01T22:43:53.948583Z"}]}
{"channel":"book","type":"update","data":[{"symbol":"EUR/JPY","bids":[{"price":166.461,"qty":746.44955875}],"asks":[],"checksum":2203766554,"timestamp":"2024-06-01T22:43:53.951398Z"}]}
{"channel":"book","type":"update","data":[{"symbol":"EUR/JPY","bids":[{"price":166.459,"qty":0.00000000},{"price":160.110,"qty":1.00000000}],"asks":[],"checksum":3871941484,"timestamp":"2024-06-01T22:43:53.951482Z"}]}
