{"channel":"book","type":"snapshot","data":[{"symbol":"EUR/AUD","bids":[{"price":1.63070,"qty":1408.89822685},{"price":1.63069,"qty":285.81258614},{"price":1.62978,"qty":13488.31898780},{"price":1.62977,"qty":613.58351178},{"price":1.62969,"qty":613.61363204},{"price":1.62967,"qty":613.62116256},{"price":1.62964,"qty":613.63245870},{"price":1.62873,"qty":5001.00000000},{"price":1.62856,"qty":500.00000000},{"price":1.62592,"qty":505.78102006}],"asks":[{"price":1.63439,"qty":175.24140000},{"price":1.63440,"qty":285.81207427},{"price":1.63570,"qty":2590.73728127},{"price":1.63647,"qty":1601.00000000},{"price":1.63665,"qty":902.00000000},{"price":1.63680,"qty":1203.00000000},{"price":1.63696,"qty":1000.00000000},{"price":1.64222,"qty":7772.21033537},{"price":1.66818,"qty":9571.31828016},{"price":1.67300,"qty":1000.00000000}],"checksum":2765765605}]}
{"channel":"book","type":"update","data":[{"symbol":"EUR/AUD","bids":[],"asks":[{"price":1.66818,"qty":0.00000000},{"price":1.69045,"qty":14752.79640683}],"checksum":3153341992,"timestamp":"2024-06-01T22:43:45.503082Z"}]}
{"channel":"book","type":"update","data":[{"symbol":"EUR/AUD","bids":[],"asks":[{"price":1.69045,"qty":0.00000000},{"price":1.69053,"qty":3929.67204338}],"checksum":4260425469,"timestamp":"2024-06-01T22:43:45.503159Z"}]}
{"channel":"book","type":"update","data":[{"symbol":"EUR/AUD","bids":[],"asks":[{"price":1.69044,"qty":14752.79304923}],"checksum":768939751,"timestamp":"2024-06-01T22:43:45.542937Z"}]}
{"channel":"book","type":"update","data":[{"symbol":"EUR/AUD","bids":[],"asks":[{"price":1.66817,"qty":9571.31848668}],"checksum":1725171197,"timestamp":"2024-06-01T22:43:45.543187Z"}]}
{"channel":"book","type":"update","data":[{"symbol":"EUR/AUD","bids":[],"asks":[{"price":1.66817,"qty":0.00000000},{"price":1.69044,"qty":14752.79304923}],"checksum":768939751,"timestamp":"2024-06-01T22:43:59.687741Z"}]}
{"channel":"book","type":"update","data":[{"symbol":"EUR/AUD","bids":[],"asks":[{"price":1.66816,"qty":9571.31580004}],"checksum":2781941538,"timestamp":"2024-06-01T22:43:59.727895Z"}]}
