{"channel":"book","type":"snapshot","data":[{"symbol":"KSM/BTC","bids":[{"price":0.000448,"qty":2.96536683},{"price":0.000447,"qty":239.84097993},{"price":0.000446,"qty":44.30531724},{"price":0.000445,"qty":26.59107044},{"price":0.000444,"qty":2960.74245444},{"price":0.000443,"qty":0.74492100},{"price":0.000442,"qty":88.51533089},{"price":0.000441,"qty":170.50051995},{"price":0.000439,"qty":3.27954000},{"price":0.000438,"qty":8.84855319}],"asks":[{"price":0.000449,"qty":26.86797276},{"price":0.000450,"qty":149.01083184},{"price":0.000451,"qty":46.66439835},{"price":0.000452,"qty":16.26387754},{"price":0.000453,"qty":8.69891304},{"price":0.000454,"qty":6.52146000},{"price":0.000455,"qty":3.81635785},{"price":0.000456,"qty":3.27954000},{"price":0.000459,"qty":94.41070947},{"price":0.000460,"qty":12.18053325}],"checksum":1190560079}]}
{"channel":"book","type":"update","data":[{"symbol":"KSM/BTC","bids":[{"price":0.000448,"qty":25.76778389}],"asks":[],"checksum":2850072407,"timestamp":"2024-06-01T22:42:04.032278Z"}]}
{"channel":"book","type":"update","data":[{"symbol":"KSM/BTC","bids":[{"price":0.000447,"qty":217.03856287}],"asks":[],"checksum":2356227431,"timestamp":"2024-06-01T22:42:04.038396Z"}]}
{"channel":"book","type":"update","data":[{"symbol":"KSM/BTC","bids":[{"price":0.000444,"qty":3009.43252477}],"asks":[],"checksum":498852741,"timestamp":"2024-06-01T22:42:04.750062Z"}]}
{"channel":"book","type":"update","data":[{"symbol":"KSM/BTC","bids":[{"price":0.000441,"qty":73.05924933}],"asks":[],"checksum":239373563,"timestamp":"2024-06-01T22:42:04.750652Z"}]}
{"channel":"book","type":"update","data":[{"symbol":"KSM/BTC","bids":[{"price":0.000441,"qty":146.11849866}],"asks":[],"checksum":959075403,"timestamp":"2024-06-01T22:42:04.750919Z"}]}
{"channel":"book","type":"update","data":[{"symbol":"KSM/BTC","bids":[{"price":0.000441,"qty":73.05924933}],"asks":[],"checksum":239373563,"timestamp":"2024-06-01T22:42:04.751069Z"}]}
{"channel":"book","type":"update","data":[{"symbol":"KSM/BTC","bids":[{"price":0.000441,"qty":170.50051995}],"asks":[],"checksum":498852741,"timestamp":"2024-06-01T22:42:04.751606Z"}]}
{"channel":"book","type":"update","data":[{"symbol":"KSM/BTC","bids":[],"asks":[{"price":0.000449,"qty":43.32192927}],"checksum":4194022224,"timestamp":"2024-06-01T22:42:17.821081Z"}]}
