{"channel":"book","type":"snapshot","data":[{"symbol":"USDC/CHF","bids":[{"price":0.9032,"qty":157.57458490},{"price":0.9031,"qty":2668.49486191},{"price":0.9030,"qty":550.96000000},{"price":0.9029,"qty":467.00000000},{"price":0.9028,"qty":24800.89091210},{"price":0.9027,"qty":11441.19776931},{"price":0.9026,"qty":2542.65967625},{"price":0.9021,"qty":67599.12000000},{"price":0.9020,"qty":504.00000000},{"price":0.9015,"qty":10212.46000000}],"asks":[{"price":0.9034,"qty":16.44290425},{"price":0.9035,"qty":434.00000000},{"price":0.9036,"qty":352.00000000},{"price":0.9037,"qty":44529.34238663},{"price":0.9038,"qty":26330.55000000},{"price":0.9039,"qty":9563.87000000},{"price":0.9041,"qty":15442.63185459},{"price":0.9042,"qty":1028.00000000},{"price":0.9043,"qty":5088.05000000},{"price":0.9044,"qty":503.00000000}],"checksum":943735040}]}
{"channel":"book","type":"update","data":[{"symbol":"USDC/CHF","bids":[],"asks":[{"price":0.9034,"qty":64.44882638}],"checksum":2562832449,"timestamp":"2024-06-01T22:42:57.851027Z"}]}
{"channel":"book","type":"update","data":[{"symbol":"USDC/CHF","bids":[{"price":0.9027,"qty":0.00000000},{"price":0.9014,"qty":11208.54886119}],"asks":[],"checksum":657017365,"timestamp":"2024-06-01T22:43:00.712923Z"}]}
{"channel":"book","type":"update","data":[{"symbol":"USDC/CHF","bids":[{"price":0.9029,"qty":11905.66352683}],"asks":[],"checksum":801335892,"timestamp":"2024-06-01T22:43:00.713061Z"}]}
{"channel":"book","type":"update","data":[{"symbol":"USDC/CHF","bids":[{"price":0.9029,"qty":467.00000000}],"asks":[],"checksum":657017365,"timestamp":"2024-06-01T22:43:00.877633Z"}]}
{"channel":"book","type":"update","data":[{"symbol":"USDC/CHF","bids":[{"price":0.9027,"qty":11441.19777153}],"asks":[],"checksum":3632203459,"timestamp":"2024-06-01T22:43:00.877881Z"}]}
{"channel":"book","type":"update","data":[{"symbol":"USDC/CHF","bids":[{"price":0.9032,"qty":0.00000000},{"price":0.9014,"qty":10425.49000000}],"asks":[],"checksum":1324753845,"timestamp":"2024-06-01T22:43:08.563018Z"}]}
{"channel":"book","type":"update","data":[{"symbol":"USDC/CHF","bids":[{"price":0.9029,"qty":11905.66345585}],"asks":[],"checksum":603167994,"timestamp":"2024-06-01T22:43:09.615369Z"}]}
{"channel":"book","type":"update","data":[{"symbol":"USDC/CHF","bids":[{"price":0.9027,"qty":0.00000000},{"price":0.9013,"qty":6035.52266612}],"asks":[],"checksum":3519263434,"timestamp":"2024-06-01T22:43:09.615417Z"}]}
{"channel":"book","type":"update","data":[{"symbol":"USDC/CHF","bids":[{"price":0.9032,"qty":157.57458490}],"asks":[],"checksum":1285397483,"timestamp":"2024-06-01T22:43:09.784623Z"}]}
{"channel":"book","type":"update","data":[{"symbol":"USDC/CHF","bids":[{"price":0.9014,"qty":10581.49134717}],"asks":[],"checksum":1181944235,"timestamp":"2024-06-01T22:43:12.858286Z"}]}
{"channel":"book","type":"update","data":[{"symbol":"USDC/CHF","bids":[{"price":0.9014,"qty":11205.49673587}],"asks":[],"checksum":499286105,"timestamp":"2024-06-01T22:43:12.859182Z"}]}
