{"channel":"book","type":"snapshot","data":[{"symbol":"USDC/CAD","bids":[{"price":1.3669,"qty":1115.19048210},{"price":1.3668,"qty":476.00000000},{"price":1.3667,"qty":419.00000000},{"price":1.3666,"qty":1787.13383888},{"price":1.3665,"qty":494.42103195},{"price":1.3664,"qty":27267.45321535},{"price":1.3657,"qty":4794.18142385},{"price":1.3656,"qty":2390.68877873},{"price":1.3655,"qty":5389.20000000},{"price":1.3653,"qty":10256.72000000}],"asks":[{"price":1.3673,"qty":4714.02531299},{"price":1.3674,"qty":1415.13383888},{"price":1.3675,"qty":447.00000000},{"price":1.3676,"qty":454.00000000},{"price":1.3682,"qty":9395.25000000},{"price":1.3685,"qty":9659.16000000},{"price":1.3687,"qty":49165.57000000},{"price":1.3688,"qty":16612.78000000},{"price":1.3689,"qty":1000.00000000},{"price":1.3691,"qty":9837.61000000}],"checksum":2515407077}]}
{"channel":"book","type":"update","data":[{"symbol":"USDC/CAD","bids":[{"price":1.3664,"qty":0.00000000},{"price":1.3652,"qty":9415.05000000}],"asks":[],"checksum":2372073486,"timestamp":"2024-06-01T22:42:55.898866Z"}]}
{"channel":"book","type":"update","data":[{"symbol":"USDC/CAD","bids":[{"price":1.3664,"qty":27267.56638026}],"asks":[],"checksum":796101348,"timestamp":"2024-06-01T22:42:55.904642Z"}]}
{"channel":"book","type":"update","data":[{"symbol":"USDC/CAD","bids":[{"price":1.3658,"qty":494.42103195}],"asks":[],"checksum":3889171357,"timestamp":"2024-06-01T22:42:56.067306Z"}]}
{"channel":"book","type":"update","data":[{"symbol":"USDC/CAD","bids":[{"price":1.3665,"qty":0.00000000},{"price":1.3653,"qty":10256.72000000}],"asks":[],"checksum":1852305577,"timestamp":"2024-06-01T22:42:56.238190Z"}]}
{"channel":"book","type":"update","data":[{"symbol":"USDC/CAD","bids":[{"price":1.3669,"qty":0.00000000},{"price":1.3652,"qty":9415.05000000},{"price":1.3668,"qty":234.45038210}],"asks":[],"checksum":4145612986,"timestamp":"2024-06-01T22:42:57.622635Z"}]}
{"channel":"book","type":"update","data":[{"symbol":"USDC/CAD","bids":[],"asks":[{"price":1.3672,"qty":862.90308314}],"checksum":912175853,"timestamp":"2024-06-01T22:42:57.866639Z"}]}
{"channel":"book","type":"update","data":[{"symbol":"USDC/CAD","bids":[{"price":1.3668,"qty":0.00000000},{"price":1.3645,"qty":4931.31000000}],"asks":[],"checksum":136492459,"timestamp":"2024-06-01T22:42:57.878172Z"}]}
{"channel":"book","type":"update","data":[{"symbol":"USDC/CAD","bids":[],"asks":[{"price":1.3672,"qty":0.00000000},{"price":1.3691,"qty":9837.61000000},{"price":1.3671,"qty":862.90308314}],"checksum":3743103530,"timestamp":"2024-06-01T22:42:57.890842Z"}]}
{"channel":"book","type":"update","data":[{"symbol":"USDC/CAD","bids":[],"asks":[{"price":1.3671,"qty":0.00000000},{"price":1.3691,"qty":9837.61000000},{"price":1.3670,"qty":862.90308314}],"checksum":618446186,"timestamp":"2024-06-01T22:42:57.953808Z"}]}
{"channel":"book","type":"update","data":[{"symbol":"USDC/CAD","bids":[],"asks":[{"price":1.3670,"qty":0.00000000},{"price":1.3691,"qty":9837.61000000},{"price":1.3672,"qty":862.90308314}],"checksum":136492459,"timestamp":"2024-06-01T22:42:57.957440Z"}]}
{"channel":"book","type":"update","data":[{"symbol":"USDC/CAD","bids":[],"asks":[{"price":1.3672,"qty":0.00000000},{"price":1.3691,"qty":9837.61000000},{"price":1.3671,"qty":862.90308314}],"checksum":3743103530,"timestamp":"2024-06-01T22:42:58.054688Z"}]}
{"channel":"book","type":"update","data":[{"symbol":"USDC/CAD","bids":[{"price":1.3667,"qty":0.00000000},{"price":1.3644,"qty":5723.15500000}],"asks":[],"checksum":2508351738,"timestamp":"2024-06-01T22:42:58.122169Z"}]}
{"channel":"book","type":"update","data":[{"symbol":"USDC/CAD","bids":[],"asks":[{"price":1.3671,"qty":0.00000000},{"price":1.3691,"qty":9837.61000000},{"price":1.3670,"qty":862.90308434}],"checksum":1085303496,"timestamp":"2024-06-01T22:42:58.224330Z"}]}
{"channel":"book","type":"update","data":[{"symbol":"USDC/CAD","bids":[],"asks":[{"price":1.3670,"qty":0.00000000},{"price":1.3691,"qty":9837.61000000},{"price":1.3672,"qty":862.90308434}],"checksum":2902419174,"timestamp":"2024-06-01T22:42:58.227916Z"}]}
{"channel":"book","type":"update","data":[{"symbol":"USDC/CAD","bids":[{"price":1.3666,"qty":1415.13383888}],"asks":[],"checksum":1664414156,"timestamp":"2024-06-01T22:42:58.371822Z"}]}
{"channel":"book","type":"update","data":[{"symbol":"USDC/CAD","bids":[],"asks":[{"price":1.3672,"qty":0.00000000},{"price":1.3691,"qty":9837.61000000},{"price":1.3671,"qty":862.90308434}],"checksum":4183587829,"timestamp":"2024-06-01T22:42:58.431245Z"}]}
{"channel":"book","type":"update","data":[{"symbol":"USDC/CAD","bids":[{"price":1.3665,"qty":426.00000000}],"asks":[],"checksum":3668220680,"timestamp":"2024-06-01T22:42:58.473164Z"}]}
{"channel":"book","type":"update","data":[{"symbol":"USDC/CAD","bids":[{"price":1.3667,"qty":1051.66853708}],"asks":[],"checksum":2937039429,"timestamp":"2024-06-01T22:42:58.633572Z"}]}
{"channel":"book","type":"update","data":[{"symbol":"USDC/CAD","bids":[],"asks":[{"price":1.3671,"qty":0.00000000},{"price":1.3691,"qty":9837.61000000},{"price":1.3670,"qty":862.90915385}],"checksum":503147999,"timestamp":"2024-06-01T22:42:58.633751Z"}]}
{"channel":"book","type":"update","data":[{"symbol":"USDC/CAD","bids":[],"asks":[{"price":1.3670,"qty":0.00000000},{"price":1.3691,"qty":9837.61000000},{"price":1.3672,"qty":862.90912513}],"checksum":535240810,"timestamp":"2024-06-01T22:42:58.638335Z"}]}
{"channel":"book","type":"update","data":[{"symbol":"USDC/CAD","bids":[],"asks":[{"price":1.3672,"qty":0.00000000},{"price":1.3691,"qty":9837.61000000},{"price":1.3671,"qty":862.90912513}],"checksum":3370037227,"timestamp":"2024-06-01T22:42:58.874462Z"}]}
{"channel":"book","type":"update","data":[{"symbol":"USDC/CAD","bids":[],"asks":[{"price":1.3671,"qty":0.00000000},{"price":1.3691,"qty":9837.61000000},{"price":1.3672,"qty":862.90913043}],"checksum":1354966016,"timestamp":"2024-06-01T22:42:58.878125Z"}]}
{"channel":"book","type":"update","data":[{"symbol":"USDC/CAD","bids":[],"asks":[{"price":1.3674,"qty":1864.13383888}],"checksum":271008717,"timestamp":"2024-06-01T22:42:59.143232Z"}]}
{"channel":"book","type":"update","data":[{"symbol":"USDC/CAD","bids":[{"price":1.3666,"qty":1818.13383888}],"asks":[],"checksum":2709787169,"timestamp":"2024-06-01T22:42:59.231043Z"}]}
