{"channel":"book","type":"snapshot","data":[{"symbol":"USDC/EUR","bids":[{"price":0.9220,"qty":259039.09308599},{"price":0.9219,"qty":274751.66988204},{"price":0.9218,"qty":51391.11033620},{"price":0.9217,"qty":20000.00000000},{"price":0.9216,"qty":68282.21078881},{"price":0.9215,"qty":270598.89298645},{"price":0.9214,"qty":168000.86242817},{"price":0.9213,"qty":27665.14000000},{"price":0.9212,"qty":57048.07498945},{"price":0.9211,"qty":50031.90096285}],"asks":[{"price":0.9221,"qty":99941.11167964},{"price":0.9222,"qty":305420.45824802},{"price":0.9223,"qty":49470.45065961},{"price":0.9224,"qty":59663.55991629},{"price":0.9225,"qty":70317.92250457},{"price":0.9226,"qty":127718.22811927},{"price":0.9227,"qty":27332.82032666},{"price":0.9228,"qty":276725.87892014},{"price":0.9229,"qty":300054.97111820},{"price":0.9230,"qty":143511.68472372}],"checksum":3114265795}]}
{"channel":"book","type":"update","data":[{"symbol":"USDC/EUR","bids":[],"asks":[{"price":0.9221,"qty":101334.11167964}],"checksum":4175784390,"timestamp":"2024-06-01T22:42:56.458842Z"}]}
{"channel":"book","type":"update","data":[{"symbol":"USDC/EUR","bids":[],"asks":[{"price":0.9221,"qty":99941.11167964}],"checksum":3114265795,"timestamp":"2024-06-01T22:42:56.543340Z"}]}
{"channel":"book","type":"update","data":[{"symbol":"USDC/EUR","bids":[],"asks":[{"price":0.9221,"qty":101650.11167964}],"checksum":4263172522,"timestamp":"2024-06-01T22:43:11.396754Z"}]}
{"channel":"book","type":"update","data":[{"symbol":"USDC/EUR","bids":[],"asks":[{"price":0.9221,"qty":99941.11167964}],"checksum":3114265795,"timestamp":"2024-06-01T22:43:11.584467Z"}]}
{"channel":"book","type":"update","data":[{"symbol":"USDC/EUR","bids":[],"asks":[{"price":0.9221,"qty":101431.11167964}],"checksum":2044623121,"timestamp":"2024-06-01T22:43:20.956247Z"}]}
{"channel":"book","type":"update","data":[{"symbol":"USDC/EUR","bids":[],"asks":[{"price":0.9221,"qty":99941.11167964}],"checksum":3114265795,"timestamp":"2024-06-01T22:43:21.082728Z"}]}
{"channel":"book","type":"update","data":[{"symbol":"USDC/EUR","bids":[],"asks":[{"price":0.9228,"qty":275162.25000000}],"checksum":2005581867,"timestamp":"2024-06-01T22:43:21.121001Z"}]}
{"channel":"book","type":"update","data":[{"symbol":"USDC/EUR","bids":[],"asks":[{"price":0.9227,"qty":28896.72378853}],"checksum":3282215141,"timestamp":"2024-06-01T22:43:21.371660Z"}]}
