{"channel":"book","type":"snapshot","data":[{"symbol":"USDT/USD","bids":[{"price":0.99915,"qty":4544822.56630939},{"price":0.99914,"qty":17646.80091482},{"price":0.99913,"qty":1000.00000000},{"price":0.99911,"qty":250220.84661637},{"price":0.99910,"qty":250424.59995722},{"price":0.99907,"qty":256093.22020918},{"price":0.99906,"qty":1565.14428481},{"price":0.99904,"qty":284944.57998582},{"price":0.99900,"qty":5863.00000000},{"price":0.99898,"qty":8100.80805204}],"asks":[{"price":0.99916,"qty":710057.96298323},{"price":0.99917,"qty":4938.00000000},{"price":0.99918,"qty":7207.00000000},{"price":0.99920,"qty":4170.79990800},{"price":0.99921,"qty":13316.00000000},{"price":0.99923,"qty":22478.97997224},{"price":0.99924,"qty":250192.24949232},{"price":0.99925,"qty":45000.00000000},{"price":0.99927,"qty":54.48074013},{"price":0.99929,"qty":159.39798745}],"checksum":688983083}]}
{"channel":"book","type":"update","data":[{"symbol":"USDT/USD","bids":[],"asks":[{"price":0.99923,"qty":4478.97997224}],"checksum":631622285,"timestamp":"2024-06-01T22:43:32.805946Z"}]}
{"channel":"book","type":"update","data":[{"symbol":"USDT/USD","bids":[],"asks":[{"price":0.99916,"qty":728057.96298323}],"checksum":3941601307,"timestamp":"2024-06-01T22:43:32.903210Z"}]}
{"channel":"book","type":"update","data":[{"symbol":"USDT/USD","bids":[],"asks":[{"price":0.99929,"qty":0.00000000},{"price":0.99930,"qty":178455.80004182},{"price":0.99923,"qty":4637.45601067}],"checksum":1633182863,"timestamp":"2024-06-01T22:43:33.091856Z"}]}
{"channel":"book","type":"update","data":[{"symbol":"USDT/USD","bids":[{"price":0.99898,"qty":6420.00000000}],"asks":[],"checksum":4048204403,"timestamp":"2024-06-01T22:43:33.103057Z"}]}
{"channel":"book","type":"update","data":[{"symbol":"USDT/USD","bids":[],"asks":[{"price":0.99923,"qty":7664.64345302}],"checksum":2523644568,"timestamp":"2024-06-01T22:43:34.839593Z"}]}
{"channel":"book","type":"update","data":[{"symbol":"USDT/USD","bids":[{"price":0.99915,"qty":4544771.56630939}],"asks":[],"checksum":1310131756,"timestamp":"2024-06-01T22:43:35.785860Z"}]}
{"channel":"book","type":"update","data":[{"symbol":"USDT/USD","bids":[{"price":0.99915,"qty":4544606.56630939}],"asks":[],"checksum":1885749582,"timestamp":"2024-06-01T22:43:36.988273Z"}]}
{"channel":"book","type":"update","data":[{"symbol":"USDT/USD","bids":[{"price":0.99915,"qty":4543778.33450939}],"asks":[],"checksum":285952201,"timestamp":"2024-06-01T22:43:37.411825Z"}]}
{"channel":"book","type":"update","data":[{"symbol":"USDT/USD","bids":[],"asks":[{"price":0.99923,"qty":4637.45601067}],"checksum":1982478370,"timestamp":"2024-06-01T22:43:38.321506Z"}]}
{"channel":"book","type":"update","data":[{"symbol":"USDT/USD","bids":[{"price":0.99907,"qty":250230.22020918},{"price":0.99905,"qty":5863.00000000}],"asks":[],"checksum":3427334868,"timestamp":"2024-06-01T22:43:44.595570Z"}]}
{"channel":"book","type":"update","data":[{"symbol":"USDT/USD","bids":[{"price":0.99905,"qty":11726.00000000}],"asks":[],"checksum":2239590309,"timestamp":"2024-06-01T22:43:44.600055Z"}]}
{"channel":"book","type":"update","data":[{"symbol":"USDT/USD","bids":[],"asks":[{"price":0.99921,"qty":7453.00000000}],"checksum":1151626316,"timestamp":"2024-06-01T22:43:44.600167Z"}]}
{"channel":"book","type":"update","data":[{"symbol":"USDT/USD","bids":[],"asks":[{"price":0.99921,"qty":1590.00000000},{"price":0.99919,"qty":5863.00000000}],"checksum":3887904229,"timestamp":"2024-06-01T22:43:44.600540Z"}]}
{"channel":"book","type":"update","data":[{"symbol":"USDT/USD","bids":[],"asks":[{"price":0.99919,"qty":11726.00000000}],"checksum":2641095513,"timestamp":"2024-06-01T22:43:44.613217Z"}]}
{"channel":"book","type":"update","data":[{"symbol":"USDT/USD","bids":[],"asks":[{"price":0.99919,"qty":5863.00000000}],"checksum":3887904229,"timestamp":"2024-06-01T22:43:44.617620Z"}]}
{"channel":"book","type":"update","data":[{"symbol":"USDT/USD","bids":[],"asks":[{"price":0.99923,"qty":11766.62750537}],"checksum":3750317557,"timestamp":"2024-06-01T22:43:45.079877Z"}]}
