{"channel":"book","type":"snapshot","data":[{"symbol":"XRP/ETH","bids":[{"price":0.0001359,"qty":3753.63426907},{"price":0.0001358,"qty":12396.28326235},{"price":0.0001357,"qty":4204.74470000},{"price":0.0001356,"qty":15450.87483127},{"price":0.0001355,"qty":3777.06293650},{"price":0.0001354,"qty":25.83707079},{"price":0.0001353,"qty":126.86178518},{"price":0.0001352,"qty":8421.28430000},{"price":0.0001351,"qty":5698.03156179},{"price":0.0001350,"qty":3970.67894334}],"asks":[{"price":0.0001360,"qty":961.98728719},{"price":0.0001361,"qty":2789.57354627},{"price":0.0001362,"qty":2135.97410000},{"price":0.0001363,"qty":10982.53378744},{"price":0.0001364,"qty":13729.83693533},{"price":0.0001368,"qty":8442.37256208},{"price":0.0001372,"qty":5487.37150000},{"price":0.0001373,"qty":43542.82056021},{"price":0.0001374,"qty":11404.62563769},{"price":0.0001375,"qty":234514.27998948}],"checksum":1012589925}]}
{"channel":"book","type":"update","data":[{"symbol":"XRP/ETH","bids":[{"price":0.0001358,"qty":3002.18263911},{"price":0.0001359,"qty":11103.24655177}],"asks":[],"checksum":1190074721,"timestamp":"2024-06-01T22:43:32.737356Z"}]}
{"channel":"book","type":"update","data":[{"symbol":"XRP/ETH","bids":[],"asks":[{"price":0.0001361,"qty":1827.65596314}],"checksum":2449133991,"timestamp":"2024-06-01T22:43:37.742683Z"}]}
{"channel":"book","type":"update","data":[{"symbol":"XRP/ETH","bids":[],"asks":[{"price":0.0001360,"qty":1923.97457438}],"checksum":1405092698,"timestamp":"2024-06-01T22:43:37.747211Z"}]}
{"channel":"book","type":"update","data":[{"symbol":"XRP/ETH","bids":[{"price":0.0001359,"qty":3753.63426907},{"price":0.0001359,"qty":11041.24055331}],"asks":[],"checksum":1257785343,"timestamp":"2024-06-01T22:43:40.786470Z"}]}
{"channel":"book","type":"update","data":[{"symbol":"XRP/ETH","bids":[],"asks":[{"price":0.0001375,"qty":0.00000000},{"price":0.0001376,"qty":2694.22747079}],"checksum":1240277907,"timestamp":"2024-06-01T22:43:44.875092Z"}]}
{"channel":"book","type":"update","data":[{"symbol":"XRP/ETH","bids":[],"asks":[{"price":0.0001375,"qty":392600.80602587}],"checksum":602659507,"timestamp":"2024-06-01T22:43:45.078381Z"}]}
{"channel":"book","type":"update","data":[{"symbol":"XRP/ETH","bids":[{"price":0.0001359,"qty":3753.63426907},{"price":0.0001358,"qty":11966.45004579}],"asks":[],"checksum":1453801253,"timestamp":"2024-06-01T22:43:48.922346Z"}]}
{"channel":"book","type":"update","data":[{"symbol":"XRP/ETH","bids":[],"asks":[{"price":0.0001360,"qty":961.98728719}],"checksum":2493378008,"timestamp":"2024-06-01T22:43:49.650759Z"}]}
{"channel":"book","type":"update","data":[{"symbol":"XRP/ETH","bids":[],"asks":[{"price":0.0001361,"qty":2789.48199098}],"checksum":1826526136,"timestamp":"2024-06-01T22:43:49.654795Z"}]}
{"channel":"book","type":"update","data":[{"symbol":"XRP/ETH","bids":[],"asks":[{"price":0.0001360,"qty":0.00000000},{"price":0.0001376,"qty":2694.22747079}],"checksum":677232348,"timestamp":"2024-06-01T22:43:49.715895Z"}]}
{"channel":"book","type":"update","data":[{"symbol":"XRP/ETH","bids":[],"asks":[{"price":0.0001361,"qty":3751.33893853}],"checksum":325343992,"timestamp":"2024-06-01T22:43:49.720358Z"}]}
{"channel":"book","type":"update","data":[{"symbol":"XRP/ETH","bids":[],"asks":[{"price":0.0001368,"qty":8421.28430000},{"price":0.0001371,"qty":21.04211708}],"checksum":2354541836,"timestamp":"2024-06-01T22:43:49.724646Z"}]}
{"channel":"book","type":"update","data":[{"symbol":"XRP/ETH","bids":[{"price":0.0001360,"qty":865.39544152}],"asks":[],"checksum":2408977798,"timestamp":"2024-06-01T22:43:49.820179Z"}]}
{"channel":"book","type":"update","data":[{"symbol":"XRP/ETH","bids":[{"price":0.0001351,"qty":5487.37150000},{"price":0.0001352,"qty":8631.78854814}],"asks":[],"checksum":2509933705,"timestamp":"2024-06-01T22:43:49.823628Z"}]}
{"channel":"book","type":"update","data":[{"symbol":"XRP/ETH","bids":[{"price":0.0001360,"qty":0.00000000},{"price":0.0001350,"qty":3970.67894334}],"asks":[],"checksum":3666295676,"timestamp":"2024-06-01T22:43:49.937992Z"}]}
{"channel":"book","type":"update","data":[{"symbol":"XRP/ETH","bids":[{"price":0.0001352,"qty":8421.28430000},{"price":0.0001351,"qty":5698.03156179}],"asks":[],"checksum":2354541836,"timestamp":"2024-06-01T22:43:49.940296Z"}]}
{"channel":"book","type":"update","data":[{"symbol":"XRP/ETH","bids":[{"price":0.0001358,"qty":3002.18263911},{"price":0.0001359,"qty":10968.54140983}],"asks":[],"checksum":564795998,"timestamp":"2024-06-01T22:43:50.201897Z"}]}
